<?xml version="1.0" encoding="UTF-8"?><collection><record><leader>05910ntm a2200529 a 4500</leader><controlfield tag="001">006814126</controlfield><controlfield tag="003">MiAaHDL</controlfield><controlfield tag="005">20190719000000.0</controlfield><controlfield tag="006">m        d        </controlfield><controlfield tag="007">cr bn ---auaua</controlfield><controlfield tag="008">090608s1625    xx            00| ||per d</controlfield><datafield tag="035" ind1=" " ind2=" "><subfield code="a">(MiU)006814126</subfield></datafield><datafield tag="035" ind1=" " ind2=" "><subfield code="a">sdr-miu006814126</subfield></datafield><datafield tag="040" ind1=" " ind2=" "><subfield code="a">MiU</subfield><subfield code="c">MiU</subfield><subfield code="e">amremm</subfield></datafield><datafield tag="043" ind1=" " ind2=" "><subfield code="a">n-us-mi</subfield></datafield><datafield tag="100" ind1="0" ind2=" "><subfield code="6">880-01</subfield><subfield code="a">Ḥāfiẓ,</subfield><subfield code="d">active 14th century.</subfield></datafield><datafield tag="245" ind1="1" ind2="0"><subfield code="6">880-03</subfield><subfield code="a">Dīvān-i Ḥāfiẓ-i Shīrāzī,</subfield><subfield code="f">[1035, i.e. 1625].</subfield></datafield><datafield tag="260" ind1=" " ind2=" "><subfield code="c">[1625].</subfield></datafield><datafield tag="300" ind1=" " ind2=" "><subfield code="a">179 leaves :</subfield><subfield code="b">paper ;</subfield><subfield code="c">211 x 128 (161 x 74) mm.</subfield></datafield><datafield tag="500" ind1=" " ind2=" "><subfield code="a">Shelfmark: Ann Arbor, University of Michigan, Special Collections Library, Isl. Ms. 318</subfield></datafield><datafield tag="500" ind1=" " ind2=" "><subfield code="a">Origin: As appears in colophon on p.358, copied by Niẓām ibn Mīr ʻAlī with transcription completed in Rabīʻ I 1035 [December 1625].</subfield></datafield><datafield tag="500" ind1=" " ind2=" "><subfield code="a">Former shelfmark: "126 T. De M. [i.e. Tammaro De Marinis]" inscribed in pencil on 'title page' (p.1).</subfield></datafield><datafield tag="500" ind1=" " ind2=" "><subfield code="a">Binding: Pasteboards covered in dark red leather ; Type III binding (without flap) ; two-piece binding (seam of overlapping flanges visible at spine) ; pastedowns and flyleaves in glossy, surfaced-dyed blue wove paper ; upper and lower covers carry stamped and gold-painted guillioché roll (series of s-shaped stamps) and flanking rules ; sewn in dark brown or gray thread, two stations, tightly bound ; worked chevron endbands in pink and yellow, good condition ; housed in sturdy slipcase covered in dark purple / blue leather with tooled and gold-painted borders and rosette accents, lined with yellow paper and fitted with peach / orange woven pull cord ; overall in fairly good condition ; one narrow side of slipcase detaching.</subfield></datafield><datafield tag="500" ind1=" " ind2=" "><subfield code="a">Support: non-European (likely Persian) laid paper with roughly 8 laid lines per cm. (vertical, fairly distinct) and occasional single chain lines visible, dense and sturdy though transluscent, medium cream in color, well-burnished ; some creasing, tears and cockling due to tight binding ; repairs in European laid paper and wove paper.</subfield></datafield><datafield tag="500" ind1=" " ind2=" "><subfield code="a">Decoration: Elegant illuminated headpieces at opening of preface on p.2 and at opening of dīvān proper (with ghazals) on p.9, each consisting of large rectangular piece with empty gold cartouche surmounted by rectangular piece filled with scalloped domes in gold and lapis all overlaid with swirling floral vegetal decoration in red, yellow, green, light blue, etc., set in a rich well of heavy gold interlace and turquoise, dark red / brown, and gold bands, and surmounted by vertical stalks (tīgh) ; text of incipit and facing page at opening of preface and opening of dīvān set off by gold cloud-bands ; written area surrounded by gold frame of medium gold band and outermost gold and blue fillets, divisions within defined by narrow gold bands outlined in black ; keywords and headings chrysographed ; some overlining in gold.</subfield></datafield><datafield tag="500" ind1=" " ind2=" "><subfield code="a">Script: Nastaʻlīq (talik) ; spacious, elegant hand in a medium line ; characteristically serifless with gentle descent of words to baseline, elongation and contrasting thickness of horizontal strokes, pointing in distinct dots, point of final nūn set down in somewhat narrow, slightly angled bowl.</subfield></datafield><datafield tag="500" ind1=" " ind2=" "><subfield code="a">Layout: Written in 15 lines per page with written area divided to two columns ; frame-ruled.</subfield></datafield><datafield tag="500" ind1=" " ind2=" "><subfield code="a">Collation: i, 22 IV (176), II-1 (179), i ; almost exclusively quaternions ; cathwords present ; pagination in pencil, Western numerals, supplied during cataloguing.</subfield></datafield><datafield tag="500" ind1=" " ind2=" "><subfield code="a">Colophon: "Scribal," triangular, reads "تمت بعون الله الملک الغنی فی ید العبد المذنب نظام ابن میر علی غفر ذنوبه فی تاریخ شهر ربیع الاول سنه خمس وثلثین والف من الهجرت النبویه</subfield></datafield><datafield tag="500" ind1=" " ind2=" "><subfield code="a">Explicit: "گفتم سخن تو گفت حافظ گفتا شادی همه لطیفه گویان صلوات"</subfield></datafield><datafield tag="500" ind1=" " ind2=" "><subfield code="a">Incipit: "حمد بیحد و ثناى بیعد خداوندی را که جمیع دیوان حافظان ارزاق بپروانه ..."</subfield></datafield><datafield tag="500" ind1=" " ind2=" "><subfield code="a">Title from inscriptions on 'title page' (p.1).</subfield></datafield><datafield tag="500" ind1=" " ind2=" "><subfield code="a">Ms. codex.</subfield></datafield><datafield tag="510" ind1="4" ind2=" "><subfield code="a">Cat. Pers. MSS. Brit. Mus., p.627 ff.</subfield></datafield><datafield tag="520" ind1="8" ind2=" "><subfield code="a">Elegant copy of the Dīvān of the masterful poet Ḥāfiẓ (Khvājah Shams al-Dīn Muḥammad Shīrāzī, d.1390?). Contributions to the cataloguing from Elizabeth Kunze.</subfield></datafield><datafield tag="538" ind1=" " ind2=" "><subfield code="a">Mode of access: Internet.</subfield></datafield><datafield tag="541" ind1=" " ind2=" "><subfield code="c">Purchase ;</subfield><subfield code="a">Acquired by purchase (funds donated by Horace Rackham).</subfield><subfield code="d">1924.</subfield></datafield><datafield tag="546" ind1=" " ind2=" "><subfield code="a">Persian.</subfield></datafield><datafield tag="561" ind1=" " ind2=" "><subfield code="a">On 'title page' (p.1), ownership statement and seal impression (seemingly dated 1274 [1857 or 8]) in name of one Mustafa Reşit ( Muṣṭafá Rashīd / السيد مصطفى رشيد ) likely son of the grand vezir Mehmet Emin Âli Paşa (d.1871), compare statements (some dated 1286 [1870]) and seal impressions in other manuscripts, including Isl. Ms. 226, along with Isl. Mss. 308, 371, 389, 399 and 409, statement reads "من كتب الفقير الحقير مصطفى رشيد مخدوم عالى پاشا" ; small octagonal seal impression on p.23 ; small, slender oval seal impressions (mostly effaced) on pp.25, 27, 31 ; glosses (many in Turkish) and marginal corrections.</subfield></datafield><datafield tag="650" ind1=" " ind2="0"><subfield code="a">Manuscripts, Persian</subfield><subfield code="z">Michigan</subfield><subfield code="z">Ann Arbor.</subfield></datafield><datafield tag="650" ind1=" " ind2="0"><subfield code="a">Persian poetry</subfield><subfield code="y">747-1500.</subfield></datafield><datafield tag="655" ind1=" " ind2="7"><subfield code="a">Headpieces (layout features)</subfield><subfield code="y">17th century.</subfield><subfield code="2">aat</subfield></datafield><datafield tag="700" ind1="0" ind2=" "><subfield code="a">Abdülhamid</subfield><subfield code="b">II,</subfield><subfield code="c">Sultan of the Turks,</subfield><subfield code="d">1842-1918,</subfield><subfield code="e">former owner.</subfield></datafield><datafield tag="700" ind1="0" ind2=" "><subfield code="6">880-07</subfield><subfield code="a">Mustafa Reşit,</subfield><subfield code="d">fl. 1870,</subfield><subfield code="e">former owner.</subfield></datafield><datafield tag="700" ind1="0" ind2=" "><subfield code="6">880-05</subfield><subfield code="a">Niẓām ibn Mīr ʻAlī,</subfield><subfield code="d">fl. 1625,</subfield><subfield code="e">scribe.</subfield></datafield><datafield tag="773" ind1="0" ind2=" "><subfield code="a">Abdul Hamid Collection.</subfield></datafield><datafield tag="880" ind1="0" ind2=" "><subfield code="6">700-07/</subfield><subfield code="a">مصطفى رشيد،</subfield><subfield code="e">مالك سابق.</subfield></datafield><datafield tag="880" ind1="0" ind2=" "><subfield code="6">700-05/</subfield><subfield code="a">نظام ابن مير على,</subfield><subfield code="e">ناسخ.</subfield></datafield><datafield tag="880" ind1="1" ind2="0"><subfield code="6">245-03/</subfield><subfield code="a">دیوان حافظ شیرازی,</subfield><subfield code="f">[1035ه, 1625م].</subfield></datafield><datafield tag="880" ind1="0" ind2=" "><subfield code="6">100-01/</subfield><subfield code="a">حافظ.</subfield></datafield><datafield tag="CID" ind1=" " ind2=" "><subfield code="a">006814126</subfield></datafield><datafield tag="DAT" ind1="0" ind2=" "><subfield code="a">20190719102638.0</subfield><subfield code="b">20190719000000.0</subfield></datafield><datafield tag="DAT" ind1="1" ind2=" "><subfield code="a">20190719090653.0</subfield><subfield code="b">2019-07-19T16:11:48Z</subfield></datafield><datafield tag="DAT" ind1="2" ind2=" "><subfield code="a">2015-10-02T18:00:03Z</subfield></datafield><datafield tag="CAT" ind1=" " ind2=" "><subfield code="a">SDR-MIU</subfield><subfield code="d">EX LIBRIS - ALEPH</subfield><subfield code="l">prepare.pl-004-008</subfield></datafield><datafield tag="FMT" ind1=" " ind2=" "><subfield code="a">BK</subfield></datafield><datafield tag="HOL" ind1=" " ind2=" "><subfield code="0">sdr-miu006814126</subfield><subfield code="a">MiU</subfield><subfield code="b">SDR</subfield><subfield code="c">MIU</subfield><subfield code="p">mdp.39015079128826</subfield><subfield code="s">MIU</subfield><subfield code="1">006814126</subfield></datafield><datafield tag="974" ind1=" " ind2=" "><subfield code="b">MIU</subfield><subfield code="c">MIU</subfield><subfield code="d">20190719</subfield><subfield code="s">lit-dlps-dc</subfield><subfield code="u">mdp.39015079128826</subfield><subfield code="y">1625</subfield><subfield code="r">pd</subfield><subfield code="q">bib</subfield><subfield code="t">non-US bib date1 &lt; 1879</subfield></datafield></record></collection>